@Comment Оставляю библиографию, чтоб было видно как оформлять. В википедии есть инфа по всем типам.

@Book{ulyanov,
	author =		 {Ульянов, М.В},
	title = 		 {Ресурсо-эффективные компьютерные алгоритмы. Разработка и аналз},
	publisher = 	 {Наука},
	address =        {М.},
	pagetotal = {376},
	year = 		 {2007},
	language =     "russian"
}

@Online{binsearch,
	author = {},
	title = {Двоичный (бинарный) поиск[Электронный ресурс]},
	year = {2018},
	url = {https://kvodo.ru/dvoichnyiy-poisk-2.html},
	urldate = {26.12.2020},
	language = "russian"
}

@Online{pymorphy,
	author = {Mikhail Korobov},
	title = {Морфологический анализатор pymorphy2[Электронный ресурс]},
	year = {2020},
	url = {https://pymorphy2.readthedocs.io/en/stable/},
	urldate = {25.12.2020},
	language = "russian"
}

@Online{crypting,
	author = {Serge Malenkovich},
	title = {Зачем нужно шифрование?[Электронный ресурс]},
	year = {2013},
	url = {https://www.kaspersky.ru/blog/encryption-reasons/879/},
	urldate = {29.11.2020},
	language = "russian"
}

@Online{cr_algs,
	author = {malkoran},
	title = {Элементарные шифры на понятном языке[Электронный ресурс]},
	year = {2019},
	url = {https://habr.com/ru/post/444176/},
	urldate = {29.11.2020},
	language = "russian"
}

@Online{threads,
	author = {Varun},
	title = {C++11 Multithreading [Электронный ресурс]},
	year = {2015},
	url = {https://thispointer.com//c-11-multithreading-part-1-three-different-ways-to-create-threads/},
	urldate = {2.10.2020},
	language = "russian"
}