@Comment Оставляю библиографию, чтоб было видно как оформлять. В википедии есть инфа по всем типам.

@Book{ulyanov,
	author =		 {Ульянов, М.В},
	title = 		 {Ресурсо-эффективные компьютерные алгоритмы. Разработка и аналз},
	publisher = 	 {Наука},
	address =        {М.},
	pagetotal = {376},
	year = 		 {2007},
	language =     "russian"
}

@Online{salesman,
	author = {Галяутдинов Р.Р.},
	title = {Задача коммивояжера-метод ветвей и границ[Электронный ресурс]},
	year = {2013},
	url = {http://galyautdinov.ru/post/zadacha-kommivoyazhera},
	urldate = {03.12.2020},
	language = "russian"
}

@Online{conveyor,
	author = {},
	title = {Конвейеризация как средство повышения производительности ЭВМ[Электронный ресурс]},
	year = {2020},
	url = {https://spravochnick.ru/informatika/konveyerizaciya_kak_sredstvo_povysheniya_proizvoditelnosti_evm/},
	urldate = {29.11.2020},
	language = "russian"
}

@Online{crypting,
	author = {Serge Malenkovich},
	title = {Зачем нужно шифрование?[Электронный ресурс]},
	year = {2013},
	url = {https://www.kaspersky.ru/blog/encryption-reasons/879/},
	urldate = {29.11.2020},
	language = "russian"
}

@Online{cr_algs,
	author = {malkoran},
	title = {Элементарные шифры на понятном языке[Электронный ресурс]},
	year = {2019},
	url = {https://habr.com/ru/post/444176/},
	urldate = {29.11.2020},
	language = "russian"
}

@Online{threads,
	author = {Varun},
	title = {C++11 Multithreading [Электронный ресурс]},
	year = {2015},
	url = {https://thispointer.com//c-11-multithreading-part-1-three-different-ways-to-create-threads/},
	urldate = {2.10.2020},
	language = "russian"
}