@Comment Оставляю библиографию, чтоб было видно как оформлять. В википедии есть инфа по всем типам.

@article{Belousov,
	author =		 {Белоусов И.В.},
	title = 		 {Матрицы и определители: учебное пособие по линейной алгебре},
	publisher = 	{Кишинев},
	pagetotal = 	{101},
	year = 		 {2006},
	language =     "russian"
}

@Online{winograd,
	author = {},
	title = {Умножение матриц[Электронный ресурс]},
	year = {2005},
	url = {http://algolib.narod.ru/Math/Matrix.html},
	urldate = {2.10.2020},
	language = "russian"
}

@Online{parallel,
	author = {Александр Алексеев},
	title = {Академия Microsoft: Основы параллельного программирования с использованием Visual Studio 2010[Электронный ресурс]},
	year = {2016},
	url = {https://intuit.ru/studies/courses/4807/1055/lecture/16369},
	urldate = {2.10.2020},
	language = "russian"
}

@Online{threads,
	author = {Varun},
	title = {C++11 Multithreading [Электронный ресурс]},
	year = {2015},
	url = {https://thispointer.com//c-11-multithreading-part-1-three-different-ways-to-create-threads/},
	urldate = {2.10.2020},
	language = "russian"
}